% w'head and zhang 
% ta reg of sc and multiple sc populations
% pso refs
% pso treatment 
% pso genetics and pathways
% abm refs 
% copasi
% apoptosis
% other signalling pathways 

@article{weatherhead2011keratinocyte,
  title={Keratinocyte apoptosis in epidermal remodeling and clearance of psoriasis induced by UV radiation},
  author={Weatherhead, Sophie C and Farr, Peter M and Jamieson, David and Hallinan, Jennifer S and Lloyd, James J and Wipat, Anil and Reynolds, Nick J},
  journal={Journal of Investigative Dermatology},
  volume={131},
  number={9},
  pages={1916--1926},
  year={2011},
  publisher={Nature Publishing Group}
}


@article{zhang2015modelling,
  title={Modelling epidermis homoeostasis and psoriasis pathogenesis},
  author={Zhang, Hong and Hou, Wenhong and Henrot, Laurence and Schnebert, Sylvianne and Dumas, Marc and Heus{\`e}le, Catherine and Yang, Jin},
  journal={Journal of The Royal Society Interface},
  volume={12},
  number={103},
  pages={20141071},
  year={2015},
  publisher={The Royal Society}
}


% TA reg of SC and coexistance of SC pops cited by zhang ; also from Phil Jones
@article{hsu2014transit,
  title={Transit-amplifying cells orchestrate stem cell activity and tissue regeneration},
  author={Hsu, Ya-Chieh and Li, Lishi and Fuchs, Elaine},
  journal={Cell},
  volume={157},
  number={4},
  pages={935--949},
  year={2014},
  publisher={Elsevier}
}

@article{li2010coexistence,
  title={Coexistence of quiescent and active adult stem cells in mammals},
  author={Li, Linheng and Clevers, Hans},
  journal={Science},
  volume={327},
  number={5965},
  pages={542--545},
  year={2010},
  publisher={American Association for the Advancement of Science}
}
@article{xin2016hardwiring,
  title={Hardwiring stem cell communication through tissue structure},
  author={Xin, Tianchi and Greco, Valentina and Myung, Peggy},
  journal={Cell},
  volume={164},
  number={6},
  pages={1212--1225},
  year={2016},
  publisher={Elsevier}
}

@article{roshan2016human,
  title={Human keratinocytes have two interconvertible modes of proliferation},
  author={Roshan, Amit and Murai, Kasumi and Fowler, Joanna and Simons, Benjamin D and Nikolaidou-Neokosmidou, Varvara and Jones, Philip H},
  journal={Nature cell biology},
  volume={18},
  number={2},
  pages={145--156},
  year={2016},
  publisher={Nature Publishing Group}
}


@article{martincorena2015high,
  title={High burden and pervasive positive selection of somatic mutations in normal human skin},
  author={Martincorena, I{\~n}igo and Roshan, Amit and Gerstung, Moritz and Ellis, Peter and Van Loo, Peter and McLaren, Stuart and Wedge, David C and Fullam, Anthony and Alexandrov, Ludmil B and Tubio, Jose M and others},
  journal={Science},
  volume={348},
  number={6237},
  pages={880--886},
  year={2015},
  publisher={American Association for the Advancement of Science}
}

%cited in roshan 2016
@article{barrandon1987cell,
  title={Cell migration is essential for sustained growth of keratinocyte colonies: the roles of transforming growth factor-$\alpha$ and epidermal growth factor},
  author={Barrandon, Yann and Green, Howard},
  journal={Cell},
  volume={50},
  number={7},
  pages={1131--1137},
  year={1987},
  publisher={Elsevier}
}

@book{alberts2008molecular,
  title={Molecular Biology of the Cell (5th edn)},
  author={Alberts, Bruce and Johnson, Alexander and Lewis, Julian and Raff, Martin and Roberts, Keith and Walter, Peter},
  year={2008},
  publisher={Garland Science}
}



%  pso refs psoriasis refs 
@article{mabuchi2012chemokine,
  title={Chemokine receptors in the pathogenesis and therapy of psoriasis},
  author={Mabuchi, Tomotaka and Chang, Timothy W and Quinter, Suzanne and Hwang, Sam T},
  journal={Journal of dermatological science},
  volume={65},
  number={1},
  pages={4--11},
  year={2012},
  publisher={Elsevier}
}

@article{griffiths2007pathogenesis,
  title={Pathogenesis and clinical features of psoriasis},
  author={Griffiths, Christopher EM and Barker, Jonathan NWN},
  journal={The Lancet},
  volume={370},
  number={9583},
  pages={263--271},
  year={2007},
  publisher={Elsevier}
}

@article{nestle2009immune,
  title={Skin immune sentinels in health and disease},
  author={Nestle, Frank O and Di Meglio, Paola and Qin, Jian-Zhong and Nickoloff, Brian J},
  journal={Nature Reviews Immunology},
  volume={9},
  number={10},
  pages={679--691},
  year={2009},
  publisher={Nature Publishing Group}
}

@article{nestle2009mechanisms,
  title={Mechanisms of Disease: Psoriasis},
  author={Nestle, Frank O and Kaplan, Daniel H and Barker, Jonathan},
  journal={New England Journal of Medicine},
  volume={361},
  number={5},
  pages={496--509},
  year={2009},
  doi = {10.1056/NEJMra0804595},
  note ={PMID: 19641206},
  URL = {http://dx.doi.org/10.1056/NEJMra0804595},
  publisher={NEJM Group}
}


@article{lowes2007pathogenesis,
  title={Pathogenesis and therapy of psoriasis},
  author={Lowes, Michelle A and Bowcock, Anne M and Krueger, James G},
  journal={Nature},
  volume={445},
  number={7130},
  pages={866--873},
  year={2007},
  publisher={Nature Publishing Group}
}



@book{camisa2008handbook,
  title={Handbook of psoriasis},
  author={Camisa, Charles},
  year={2008},
  publisher={John Wiley \& Sons}
}

% scholar: epidemiology of psoriasis. several e.g. AL Neimann 2006, L Naldi 2004, T Schafer 2006, are behind paywalls.
@article{christophers2001psoriasis,
  title={Psoriasis- epidemiology and clinical spectrum},
  author={Christophers, Enno},
  journal={Clinical and experimental dermatology},
  volume={26},
  number={4},
  pages={314--320},
  year={2001},
  publisher={Wiley Online Library}
}
@article{parisi2013global,
  title={Global epidemiology of psoriasis: a systematic review of incidence and prevalence},
  author={Parisi, Rosa and Symmons, Deborah PM and Griffiths, Christopher EM and Ashcroft, Darren M and others},
  journal={Journal of Investigative Dermatology},
  volume={133},
  number={2},
  pages={377--385},
  year={2013},
  publisher={Elsevier}
}
@article{zhang2002genetic,
  title={The genetic epidemiology of psoriasis vulgaris in Chinese Han},
  author={Zhang, Xuejun and Wang, Hongyan and Te-shao, Hsu and Yang, Sen and Chen, Shanyu},
  journal={International journal of dermatology},
  volume={41},
  number={10},
  pages={663--669},
  year={2002},
  publisher={Wiley Online Library}
}



%pso treat psoriasis treatments 

@article{kirke2007randomized,
  title={A randomized comparison of selective broadband UVB and narrowband UVB in the treatment of psoriasis},
  author={Kirke, Sandra M and Lowder, Sharon and Lloyd, James J and Diffey, Brian L and Matthews, John NS and Farr, Peter M},
  journal={Journal of Investigative Dermatology},
  volume={127},
  number={7},
  pages={1641--1646},
  year={2007},
  publisher={Elsevier}
}
@article{matos2016ultraviolet,
  title={Ultraviolet B radiation therapy for psoriasis: Pursuing the optimal regime},
  author={Matos, Tiago R and Ling, Tsui C and Sheth, Vaneeta},
  journal={Clinics in Dermatology},
  volume={34},
  number={5},
  pages={587--593},
  year={2016},
  publisher={Elsevier}
}

@article{garza2017dynamic,
  title={A Dynamic Model for Prediction of Psoriasis Management by Blue Light Irradiation},
  author={Garza, Zandra C F{\'e}lix and Liebmann, Joerg and Born, Matthias and Hilbers, Peter AJ and van Riel, Natal AW},
  journal={Frontiers in Physiology},
  volume={8},
  year={2017},
  publisher={Frontiers Media SA}
}


@article{kircik2009anti,
  title={Anti-TNF agents for the treatment of psoriasis.},
  author={Kircik, Leon H and Del Rosso, James Q},
  journal={Journal of drugs in dermatology: JDD},
  volume={8},
  number={6},
  pages={546--559},
  year={2009}
}

@article{mathes2014use,
  title={The use of skin models in drug development},
  author={Mathes, Stephanie H and Ruffner, Heinz and Graf-Hausner, Ursula},
  journal={Advanced drug delivery reviews},
  volume={69},
  pages={81--102},
  year={2014},
  publisher={Elsevier}
}

%psoriasis genetics and pathways 

@article{aldaraji2002localization,
  title={Localization of calcineurin/NFAT in human skin and psoriasis and inhibition of calcineurin/NFAT activation in human keratinocytes by cyclosporin A},
  author={Al-Daraji, Wael I and Grant, Karen R and Ryan, Kerri and Saxton, Angela and Reynolds, Nick J},
  journal={Journal of investigative dermatology},
  volume={118},
  number={5},
  pages={779--788},
  year={2002},
  publisher={Elsevier}
}
@article{arakawa2015melanocyte,
  title={Melanocyte antigen triggers autoimmunity in human psoriasis},
  author={Arakawa, Akiko and Siewert, Katherina and St{\"o}hr, Julia and Besgen, Petra and Kim, Song-Min and R{\"u}hl, Geraldine and Nickel, Jens and Vollmer, Sigrid and Thomas, Peter and Krebs, Stefan and others},
  journal={The Journal of experimental medicine},
  volume={212},
  number={13},
  pages={2203--2212},
  year={2015},
  publisher={Rockefeller Univ Press}
}

@article{ellinghaus2016analysis,
  title={Analysis of five chronic inflammatory diseases identifies 27 new associations and highlights disease-specific patterns at shared loci},
  author={Ellinghaus, David and Jostins, Luke and Spain, Sarah L and Cortes, Adrian and Bethune, J{\"o}rn and Han, Buhm and Park, Yu Rang and Raychaudhuri, Soumya and Pouget, Jennie G and H{\"u}benthal, Matthias and others},
  journal={Nature genetics},
  year={2016},
  publisher={Nature Publishing Group}
}

@article{harden2015immunogenetics,
  title={The immunogenetics of psoriasis: a comprehensive review},
  author={Harden, Jamie L and Krueger, James G and Bowcock, Anne M},
  journal={Journal of autoimmunity},
  volume={64},
  pages={66--73},
  year={2015},
  publisher={Elsevier}
}

% UV 

@article{freije2014inactivation,
  title={Inactivation of p53 in human keratinocytes leads to squamous differentiation and shedding via replication stress and mitotic slippage},
  author={Freije, Ana and Molinuevo, Rut and Ceballos, Laura and Cagigas, Marta and Alonso-Lecue, Pilar and Rodriguez, Ren{\'e} and Menendez, Pablo and Aberdam, Daniel and De Diego, Ernesto and Gandarillas, Alberto},
  journal={Cell reports},
  volume={9},
  number={4},
  pages={1349--1360},
  year={2014},
  publisher={Elsevier}
}

@article{gandarillas2000normal,
  title={Normal and c-Myc-promoted human keratinocyte differentiation both occur via a novel cell cycle involving cellular growth and endoreplication},
  author={Gandarillas, Alberto and Davies, Derek and Blanchard, Jean-Marie},
  journal={Oncogene},
  volume={19},
  number={29},
  pages={3278--3289},
  year={2000}
}

@article{ni2006foxo,
  title={Foxo transcription factors blunt cardiac hypertrophy by inhibiting calcineurin signaling},
  author={Ni, Yan G and Berenji, Kambeez and Wang, Na and Oh, Misook and Sachan, Nita and Dey, Asim and Cheng, Jun and Lu, Guangrong and Morris, David J and Castrillon, Diego H and others},
  journal={Circulation},
  volume={114},
  number={11},
  pages={1159--1168},
  year={2006},
  publisher={Am Heart Assoc}
}

@article{ni2007foxo,
  title={FoxO transcription factors activate Akt and attenuate insulin signaling in heart by inhibiting protein phosphatases},
  author={Ni, Yan G and Wang, Na and Cao, Dian J and Sachan, Nita and Morris, David J and Gerard, Robert D and Kuro-o, Makoto and Rothermel, Beverly A and Hill, Joseph A},
  journal={Proceedings of the National Academy of Sciences},
  volume={104},
  number={51},
  pages={20517--20522},
  year={2007},
  publisher={National Acad Sciences}
}

@article{li2007atrogin,
  title={Atrogin-1 inhibits Akt-dependent cardiac hypertrophy in mice via ubiquitin-dependent coactivation of Forkhead proteins},
  author={Li, Hui-Hua and Willis, Monte S and Lockyer, Pamela and Miller, Nathaniel and McDonough, Holly and Glass, David J and Patterson, Cam},
  journal={The Journal of clinical investigation},
  volume={117},
  number={11},
  pages={3211--3223},
  year={2007},
  publisher={Am Soc Clin Investig}
}

@article{tremblay2008phosphatases,
  title={Phosphatases at the heart of FoxO metabolic control},
  author={Tremblay, Michel L and Gigu{\`e}re, Vincent},
  journal={Cell metabolism},
  volume={7},
  number={2},
  pages={101--103},
  year={2008},
  publisher={Elsevier}
}


@article{suarez2011resolved,
  title={Resolved psoriasis lesions retain expression of a subset of disease-related genes},
  author={Su{\'a}rez-Fari{\~n}as, Mayte and Fuentes-Duculan, Judilyn and Lowes, Michelle A and Krueger, James G},
  journal={Journal of Investigative Dermatology},
  volume={131},
  number={2},
  pages={391--400},
  year={2011},
  publisher={Elsevier}
}


% a few ABM refs 
@article{chiacchio2014agent,
  title={Agent-based modeling of the immune system: NetLogo, a promising framework},
  author={Chiacchio, Ferdinando and Pennisi, Marzio and Russo, Giulia and Motta, Santo and Pappalardo, Francesco},
  journal={BioMed research international},
  volume={2014},
  year={2014},
  publisher={Hindawi Publishing Corporation}
}

@inproceedings{luke2004mason,
  title={Mason: A new multi-agent simulation toolkit},
  author={Luke, Sean and Cioffi-Revilla, Claudio and Panait, Liviu and Sullivan, Keith},
  booktitle={Proceedings of the 2004 swarmfest workshop},
  volume={8},
  pages={44},
  year={2004}
}
@article{luke2005mason,
  title={Mason: A multiagent simulation environment},
  author={Luke, Sean and Cioffi-Revilla, Claudio and Panait, Liviu and Sullivan, Keith and Balan, Gabriel},
  journal={Simulation},
  volume={81},
  number={7},
  pages={517--527},
  year={2005},
  publisher={Sage Publications}
}


@inproceedings{macal2009agent,
  title={Agent-based modeling and simulation},
  author={Macal, Charles M and North, Michael J},
  booktitle={Winter simulation conference},
  pages={86--98},
  year={2009},
  organization={Winter simulation conference}
}

@article{alden2012pairing,
  title={Pairing experimentation and computational modeling to understand the role of tissue inducer cells in the development of lymphoid organs},
  author={Alden, Kieran and Timmis, Jon and Andrews, Paul S and Veiga-Fernandes, Henrique and Coles, Mark Christopher},
  journal={Frontiers in immunology},
  volume={3},
  pages={172},
  year={2012},
  publisher={Frontiers}
}

% copasi
@article{hoops2006copasi,
  title={COPASI—a complex pathway simulator},
  author={Hoops, Stefan and Sahle, Sven and Gauges, Ralph and Lee, Christine and Pahle, J{\"u}rgen and Simus, Natalia and Singhal, Mudita and Xu, Liang and Mendes, Pedro and Kummer, Ursula},
  journal={Bioinformatics},
  volume={22},
  number={24},
  pages={3067--3074},
  year={2006},
  publisher={Oxford Univ Press}
}

@article{mendes2009computational,
  title={Computational modeling of biochemical networks using COPASI},
  author={Mendes, Pedro and Hoops, Stefan and Sahle, Sven and Gauges, Ralph and Dada, Joseph and Kummer, Ursula},
  journal={Systems Biology},
  pages={17--59},
  year={2009},
  publisher={Springer}
}
@article{iizuka2004psoriatic,
  title={Psoriatic architecture constructed by epidermal remodeling},
  author={Iizuka, Hajime and Takahashi, Hidetoshi and Ishida-Yamamoto, Akemi},
  journal={Journal of dermatological science},
  volume={35},
  number={2},
  pages={93--99},
  year={2004},
  publisher={Elsevier}
}
@article{li2013skin,
  title={Skin stem cell hypotheses and long term clone survival--explored using agent-based modelling},
  author={Li, X and Upadhyay, AK and Bullock, AJ and Dicolandrea, T and Xu, J and Binder, RL and Robinson, MK and Finlay, DR and Mills, KJ and Bascom, CC and others},
  journal={Scientific reports},
  volume={3},
  pages={1904},
  year={2013},
  publisher={Nature Publishing Group}
}

@article{sutterlin2009modeling,
  title={Modeling multi-cellular behavior in epidermal tissue homeostasis via finite state machines in multi-agent systems},
  author={S{\"u}tterlin, Thomas and Huber, Simone and Dickhaus, Hartmut and Grabe, Niels},
  journal={Bioinformatics},
  volume={25},
  number={16},
  pages={2057--2063},
  year={2009},
  publisher={Oxford Univ Press}
}

% apoptosis...

% params of basic model taken from this 
@article{eissing2004bistability,
  title={Bistability analyses of a caspase activation model for receptor-induced apoptosis},
  author={Eissing, Thomas and Conzelmann, Holger and Gilles, Ernst D and Allg{\"o}wer, Frank and Bullinger, Eric and Scheurich, Peter},
  journal={Journal of Biological Chemistry},
  volume={279},
  number={35},
  pages={36892--36897},
  year={2004},
  publisher={ASBMB}
}

@article{eissing2005robustness,
  title={Robustness properties of apoptosis models with respect to parameter variations and intrinsic noise},
  author={Ei{\ss}ing, Thomas and Allg{\"o}wer, Frank and Bullinger, Eric},
  journal={IEE Proceedings-Systems Biology},
  volume={152},
  number={4},
  pages={221--228},
  year={2005},
  publisher={IET}
}

@article{eissing2007response,
  title={Response to bistability in apoptosis: roles of bax, bcl-2, and mitochondrial permeability transition pores},
  author={Eissing, Thomas and Waldherr, Steffen and Allg{\"o}wer, Frank and Scheurich, Peter and Bullinger, Eric},
  journal={Biophysical journal},
  volume={92},
  number={9},
  pages={3332},
  year={2007},
  publisher={The Biophysical Society}
}

@article{eissing2007steady,
  title={Steady state and (bi-) stability evaluation of simple protease signalling networks},
  author={Ei{\ss}ing, Thomas and Waldherr, Steffen and Allg{\"o}wer, Frank and Scheurich, Peter and Bullinger, Eric},
  journal={Biosystems},
  volume={90},
  number={3},
  pages={591--601},
  year={2007},
  publisher={Elsevier}
}

% "live and let die"
@article{eissing2009live,
  title={Live and let die—a systems biology view on cell death},
  author={Eissing, Thomas and Chaves, Madalena and Allg{\"o}wer, Frank},
  journal={Computers \& Chemical Engineering},
  volume={33},
  number={3},
  pages={583--589},
  year={2009},
  publisher={Elsevier}
}

@incollection{chaves2009regulation,
  title={Regulation of apoptosis via the NF$\kappa$B pathway: modeling and analysis},
  author={Chaves, Madalena and Eissing, Thomas and Allg{\"o}wer, Frank},
  booktitle={Dynamics on and of Complex Networks},
  pages={19--33},
  year={2009},
  publisher={Springer}
}

@article{bagci2006bistability,
  title={Bistability in apoptosis: roles of bax, bcl-2, and mitochondrial permeability transition pores},
  author={Bagci, EZ and Vodovotz, Y and Billiar, TR and Ermentrout, GB and Bahar, I},
  journal={Biophysical journal},
  volume={90},
  number={5},
  pages={1546--1559},
  year={2006},
  publisher={Elsevier}
}

@article{albeck2008quantitative,
  title={Quantitative analysis of pathways controlling extrinsic apoptosis in single cells},
  author={Albeck, John G and Burke, John M and Aldridge, Bree B and Zhang, Mingsheng and Lauffenburger, Douglas A and Sorger, Peter K},
  journal={Molecular cell},
  volume={30},
  number={1},
  pages={11--25},
  year={2008},
  publisher={Elsevier}
}

% spencer and ... Albeck, Sorger
@article{spencer2009nongenetic,
  title={Non-genetic origins of cell-to-cell variability in TRAIL-induced apoptosis},
  author={Spencer, Sabrina L and Gaudet, Suzanne and Albeck, John G and Burke, John M and Sorger, Peter K},
  journal={Nature},
  volume={459},
  number={7245},
  pages={428},
  year={2009},
  publisher={NIH Public Access}
}

@article{rehm2006systems,
  title={Systems analysis of effector caspase activation and its control by X-linked inhibitor of apoptosis protein},
  author={Rehm, Markus and Huber, Heinrich J and Dussmann, Heiko and Prehn, Jochen HM},
  journal={The EMBO journal},
  volume={25},
  number={18},
  pages={4338--4349},
  year={2006},
  publisher={EMBO Press}
}

@article{legewie2006mathematical,
  title={Mathematical modeling identifies inhibitors of apoptosis as mediators of positive feedback and bistability},
  author={Legewie, Stefan and Bl{\"u}thgen, Nils and Herzel, Hanspeter},
  journal={PLoS computational biology},
  volume={2},
  number={9},
  pages={e120},
  year={2006},
  publisher={Public Library of Science}
}

%legewie -havent got this one yet
@article{kober2011caspase,
  title={Caspase-8 activity has an essential role in CD95/Fas-mediated MAPK activation},
  author={Kober, AMM and Legewie, S and Pforr, C and Fricker, N and Eils, R and Krammer, PH and Lavrik, IN},
  journal={Cell Death \& Disease},
  volume={2},
  number={10},
  pages={e212},
  year={2011},
  publisher={Nature Publishing Group}
}

% apop review articcles havent got yet 
@incollection{huber2009systems,
  title={Systems biology approaches to the study of apoptosis},
  author={Huber, Heinrich and Bullinger, Eric and Rehm, Markus},
  booktitle={Essentials of Apoptosis},
  pages={283--297},
  year={2009},
  publisher={Springer}
}
@article{lavrik2010systems,
  title={Systems biology of apoptosis signaling networks},
  author={Lavrik, Inna N},
  journal={Current opinion in biotechnology},
  volume={21},
  number={4},
  pages={551--555},
  year={2010},
  publisher={Elsevier}
}


% models of other signalling pathways:
@article{passos2010feedback,
  title={Feedback between p21 and reactive oxygen production is necessary for cell senescence},
  author={Passos, Joao F and Nelson, Glyn and Wang, Chunfang and Richter, Torsten and Simillion, Cedric and Proctor, Carole J and Miwa, Satomi and Olijslagers, Sharon and Hallinan, Jennifer and Wipat, Anil and others},
  journal={Molecular systems biology},
  volume={6},
  number={1},
  pages={347},
  year={2010},
  publisher={EMBO Press}
}

%cell cycle 
% Tyson1991 - Cell Cycle 6 var  (biomd 5) Novak1997 - Cell Cycle (BIOMD 7)
@article{tyson1991modeling,
  title={Modeling the cell division cycle: cdc2 and cyclin interactions.},
  author={Tyson, John J},
  journal={Proceedings of the National Academy of Sciences},
  volume={88},
  number={16},
  pages={7328--7332},
  year={1991},
  publisher={National Acad Sciences}
}

% wnt/notch/

% application of modelling
@article{hector2009apoptosis,
  title={Apoptosis signaling proteins as prognostic biomarkers in colorectal cancer: a review},
  author={Hector, Suzanne and Prehn, Jochen HM},
  journal={Biochimica et Biophysica Acta (BBA)-Reviews on Cancer},
  volume={1795},
  number={2},
  pages={117--129},
  year={2009},
  publisher={Elsevier}
}

@article{fey2015signaling,
  title={Signaling pathway models as biomarkers: Patient-specific simulations of JNK activity predict the survival of neuroblastoma patients},
  author={Fey, Dirk and Halasz, Melinda and Dreidax, Daniel and Kennedy, Sean P and Rauch, Nora and Garcia Munoz, Amaya and Pilkington, Ruth and Fischer, Matthias and Kolch, Walter and Kholodenko, Boris N and others},
  year={2015},
  publisher={American Society for the Advancement of Science}
}
